
@article{Arking1972,
  author = {Arking, Albert and Grossman, Kenneth},
  doi = {10.1175/1520-0469(1972)029<0937:TIOLSA>2.0.CO;2},
  journal = {Journal of the Atmospheric Sciences},
  number = {5},
  pages = {937-949},
  title = {The {{Influence}} of {{Line Shape}} and {{Band Structure}} on {{Temperatures}} in {{Planetary Atmospheres}}},
  volume = {29},
  year = {1972}
}

@article{Becker1997,
  author = {Becker, Luann and Glavin, Daniel P. and Bada, Jeffrey L.},
  doi = {10.1016/S0016-7037(96)00400-0},
  journal = {Geochimica et Cosmochimica Acta},
  pages = {475-481},
  title = {Polycyclic Aromatic Hydrocarbons ({{PAHs}}) in {{Antarctic Martian}} Meteorites, Carbonaceous Chondrites, and Polar Ice},
  volume = {61},
  year = {1997}
}

@article{Becker1997a,
  author = {Becker, Luann and Bunch, T. E.},
  doi = {10.1111/j.1945-5100.1997.tb01292.x},
  journal = {Meteoritics and Planetary Science},
  title = {Fullerenes, Fulleranes and {{PAHs}} in the {{Allende}} Meteorite},
  volume = {32},
  year = {1997}
}

@article{Bellucci2009,
  author = {Bellucci, A. and Sicardy, B. and Drossart, P. and Rannou, Pascal and Nicholson, P.D. and Hedman, M. and Baines, K.H. and Burrati, B.},
  doi = {10.1016/j.icarus.2008.12.024},
  journal = {Icarus},
  number = {1},
  pages = {198-216},
  title = {Titan Solar Occultation Observed by {{Cassini}}/{{VIMS}}: {{Gas}} Absorption and Constraints on Aerosol Composition},
  volume = {201},
  year = {2009}
}

@article{Bezard1993,
  author = {B{\'e}zard, B. and Marten, A. and Paubert, G.},
  pages = {25.09},
  title = {Detection of {{Acetonitrile}} on {{Titan}}},
  url = {http://adsabs.harvard.edu/abs/1993DPS....25.2509B},
  urldate = {2020-01-08},
  volume = {25},
  year = {1993}
}

@article{Bezard2007,
  author = {B{\'e}zard, Bruno and Nixon, Conor A. and Kleiner, Isabelle and Jennings, Donald E.},
  doi = {10.1016/j.icarus.2007.06.004},
  journal = {Icarus},
  number = {1},
  pages = {397-400},
  title = {Detection of {{13CH3D}} on {{Titan}}},
  volume = {191},
  year = {2007}
}

@article{Bourgalais2016,
  author = {Bourgalais, J{\'e}r{\'e}my and {Jamal-Eddine}, Nour and Joalland, Baptiste and Capron, Michael and Balaganesh, Muthiah and Guillemin, Jean-Claude and Le Picard, S{\'e}bastien D. and Faure, Alexandre and Carles, Sophie and Biennier, Ludovic},
  doi = {10.1016/j.icarus.2016.02.003},
  journal = {Icarus},
  pages = {194-201},
  shorttitle = {Elusive Anion Growth in {{Titan}}'s Atmosphere},
  title = {Elusive Anion Growth in {{Titan}}'s Atmosphere: {{Low}} Temperature Kinetics of the {{C3N}}- + {{HC3N}} Reaction},
  volume = {271},
  year = {2016}
}

@article{Carrasco2018,
  author = {Carrasco, Nathalie and Tigrine, Sarah and Gavilan, Lisseth and Nahon, Laurent and Gudipati, Murthy S.},
  doi = {10.1038/s41550-018-0439-7},
  journal = {Nature Astronomy},
  number = {6},
  pages = {489-494},
  title = {The Evolution of {{Titan}}'s High-Altitude Aerosols under Ultraviolet Irradiation},
  volume = {2},
  year = {2018}
}

@article{Charnay2014a,
  author = {Charnay, Benjamin and Forget, Fran{\c c}ois and Tobie, Gabriel and Sotin, Christophe and Wordsworth, Robin},
  doi = {10.1016/j.icarus.2014.07.009},
  journal = {Icarus},
  pages = {269-279},
  shorttitle = {Titan's Past and Future},
  title = {Titan's Past and Future: {{3D}} Modeling of a Pure Nitrogen Atmosphere and Geological Implications},
  volume = {241},
  year = {2014}
}

@article{Chou1980,
  author = {Chou, Ming Dah and Arking, Albert},
  doi = {10.1175/1520-0469(1980)037<0855:COICRI>2.0.CO;2},
  journal = {Journal of the Atmospheric Sciences},
  number = {4},
  pages = {855-867},
  title = {Computation of {{Infrared Cooling Rates}} in the {{Water Vapor Bands}}},
  volume = {37},
  year = {1980}
}

@article{Cordier2016b,
  author = {Cordier, D. and Cornet, T. and Barnes, J. W. and MacKenzie, S. M. and Le Bahers, T. and {Nna-Mvondo}, D. and Rannou, P. and Ferreira, A. G.},
  doi = {10.1016/j.icarus.2015.12.034},
  journal = {Icarus},
  pages = {41-56},
  series = {Titan's {{Surface}} and {{Atmosphere}}},
  title = {Structure of {{Titan}}'s Evaporites},
  volume = {270},
  year = {2016}
}

@article{Cordier2016c,
  author = {Cordier, D.},
  doi = {10.1093/mnras/stw732},
  journal = {Monthly Notices of the Royal Astronomical Society},
  pages = {2008-2013},
  title = {How Speed-of-Sound Measurements Could Bring Constraints on the Composition of {{Titan}}'s Seas},
  volume = {459},
  year = {2016}
}

@article{Courtin2015,
  author = {Courtin, R{\'e}gis and Kim, Sang Joon and {Bar-Nun}, Akiva},
  doi = {10.1051/0004-6361/201424977},
  journal = {Astronomy \& Astrophysics},
  pages = {A21},
  title = {Three-Micron Extinction of the {{Titan}} Haze in the 250\textendash{}700 Km Altitude Range: {{Possible}} Evidence of a Particle-Aging Process},
  volume = {573},
  year = {2015}
}

@article{Coustenis1998,
  author = {Coustenis, A. and Salama, A. and Lellouch, E. and Encrenaz, Th. and Bjoraker, G. L. and Samuelson, R. E. and {de Graauw}, Th. and Feuchtgruber, H. and Kessler, M. F.},
  journal = {Astronomy and Astrophysics},
  pages = {L85-L89},
  title = {Evidence for Water Vapor in {{Titan}}'s Atmosphere from {{ISO}}/{{SWS}} Data},
  url = {http://adsabs.harvard.edu/abs/1998A\%26A...336L..85C},
  urldate = {2020-01-08},
  volume = {336},
  year = {1998}
}

@article{Coustenis2016,
  author = {Coustenis, Athena and Jennings, Donald E. and Achterberg, Richard K. and Bampasidis, Georgios and Lavvas, Panayiotis and Nixon, Conor A. and Teanby, Nicholas A. and Anderson, Carrie M. and Cottini, Valeria and Flasar, F. Michael},
  doi = {10.1016/j.icarus.2015.08.027},
  journal = {Icarus},
  pages = {409-420},
  title = {Titan's Temporal Evolution in Stratospheric Trace Gases near the Poles},
  volume = {270},
  year = {2016}
}

@article{Couturier-Tamburelli2014,
  author = {{Couturier-Tamburelli}, Isabelle and Gudipati, Murthy S. and Lignell, Antti and Jacovi, Ronen and Pi{\'e}tri, Nathalie},
  doi = {10.1016/j.icarus.2014.02.016},
  journal = {Icarus},
  pages = {81-90},
  shorttitle = {Spectroscopic Studies of Non-Volatile Residue Formed by Photochemistry of Solid {{C4N2}}},
  title = {Spectroscopic Studies of Non-Volatile Residue Formed by Photochemistry of Solid {{C4N2}}: {{A}} Model of Condensed Aerosol Formation on {{Titan}}},
  volume = {234},
  year = {2014}
}

@article{Couturier-Tamburelli2015,
  author = {{Couturier-Tamburelli}, Isabelle and Pi{\'e}tri, Nathalie and Gudipati, Murthy S.},
  doi = {10.1051/0004-6361/201425518},
  journal = {Astronomy and Astrophysics},
  pages = {A111},
  title = {Simulation of {{Titan}}'s Atmospheric Photochemistry. {{Formation}} of Non-Volatile Residue from Polar Nitrile Ices},
  volume = {578},
  year = {2015}
}

@article{Couturier-Tamburelli2018,
  author = {{Couturier-Tamburelli}, Isabelle and Pi{\'e}tri, Nathalie and Letty, Vincent Le and Chiavassa, Thierry and Gudipati, Murthy},
  doi = {10.3847/1538-4357/aa9e8d},
  journal = {The Astrophysical Journal},
  number = {2},
  pages = {117},
  title = {{{UV}}\textendash{{Vis Light}}-Induced {{Aging}} of {{Titan}}'s {{Haze}} and {{Ice}}},
  volume = {852},
  year = {2018}
}

@article{Cruikshank2008,
  author = {Cruikshank, Dale P. and Wegryn, Eric and Dalle Ore, C. M. and Brown, R. H. and Bibring, J.-P. and Buratti, B. J. and Clark, R. N. and McCord, T. B. and Nicholson, P. D. and Pendleton, Y. J. and Owen, T. C. and Filacchione, G. and Coradini, A. and Cerroni, P. and Capaccioni, F. and Jaumann, R. and Nelson, R. M. and Baines, K. H. and Sotin, C. and Bellucci, G. and Combes, M. and Langevin, Y. and Sicardy, B. and Matson, D. L. and Formisano, V. and Drossart, P. and Mennella, V.},
  doi = {10.1016/j.icarus.2007.04.036},
  journal = {Icarus},
  pages = {334-343},
  title = {Hydrocarbons on {{Saturn}}'s Satellites {{Iapetus}} and {{Phoebe}}},
  volume = {193},
  year = {2008}
}

@article{Cui2009,
  author = {Cui, J. and Yelle, R. V. and Vuitton, V. and Waite, J. H. and Kasprzak, W. T. and Gell, D. A. and Niemann, H. B. and {M{\"u}ller-Wodarg}, I. C. F. and Borggren, N. and Fletcher, G. G. and Patrick, E. L. and Raaen, E. and Magee, B. A.},
  doi = {10.1016/j.icarus.2008.12.005},
  journal = {Icarus},
  pages = {581-615},
  title = {Analysis of {{Titan}}'s Neutral Upper Atmosphere from {{Cassini Ion Neutral Mass Spectrometer}} Measurements},
  volume = {200},
  year = {2009}
}

@article{Dartois2004,
  author = {Dartois, E. and Mu{\~n}oz Caro, G. M. and Deboffle, D. and {d'Hendecourt}, L.},
  doi = {10.1051/0004-6361:200400032},
  journal = {Astronomy and Astrophysics},
  pages = {L33-L36},
  title = {Diffuse Interstellar Medium Organic Polymers. {{Photoproduction}} of the 3.4, 6.85 and 7.25 {$M$}m Features},
  volume = {423},
  year = {2004}
}

@article{Dartois2005,
  author = {Dartois, E. and Mu{\~n}oz Caro, G. M. and Deboffle, D. and Montagnac, G. and D'Hendecourt, L.},
  doi = {10.1051/0004-6361:20042094},
  journal = {Astronomy and Astrophysics},
  pages = {895-908},
  title = {Ultraviolet Photoproduction of {{ISM}} Dust.  {{Laboratory}} Characterisation and Astrophysical Relevance},
  volume = {432},
  year = {2005}
}

@article{Dartois2007,
  author = {Dartois, E. and Geballe, T. R. and Pino, T. and Cao, A.-T. and Jones, A. and Deboffle, D. and Guerrini, V. and Br{\'e}chignac, Ph and {d'Hendecourt}, L.},
  doi = {10.1051/0004-6361:20066572},
  journal = {Astronomy \& Astrophysics},
  number = {2},
  pages = {635-640},
  shorttitle = {{{IRAS}} 08572+3915},
  title = {{{IRAS}} 08572+3915: Constraining the Aromatic versus Aliphatic Content of Interstellar {{HACs}}},
  volume = {463},
  year = {2007}
}

@article{Dinelli2013,
  author = {Dinelli, B. M. and {L{\'o}pez-Puertas}, M. and Adriani, A. and Moriconi, M. L. and Funke, B. and {Garc{\'i}a-Comas}, M. and D'Aversa, E.},
  doi = {10.1002/grl.50332},
  journal = {Geophysical Research Letters},
  pages = {1489-1493},
  title = {An Unidentified Emission in {{Titan}}'s Upper Atmosphere},
  volume = {40},
  year = {2013}
}

@article{Flasar2005,
  author = {Flasar, M. and Achterberg, R. K. and Conrath, B. J. and Gierasch, P. J. and Kunde, V. G. and Nixon, C. A. and Bjoraker, G. L. and Jennings, D. E. and Romani, P. N. and {Simon-Miller}, A. A. and B{\'e}zard, B. and Coustenis, A. and Irwin, P. G. J. and Teanby, N. A. and Brasunas, J. and Pearl, J. C. and Segura, M. E. and Carlson, R. C. and Mamoutkine, A. and Schinder, P. J. and Barucci, A. and Courtin, R. and Fouchet, T. and Gautier, D. and Lellouch, E. and Marten, A. and Prang{\'e}, R. and Vinatier, S. and Strobel, D. F. and Calcutt, S. B. and Read, P. L. and Taylor, F. W. and Bowles, N. and Samuelson, R. E. and Orton, G. S. and Spilker, L. J. and Owen, T. C. and Spencer, J. R. and Showalter, M. R. and Ferrari, C. and Abbas, M. M. and Raulin, F. and Edgington, S. and Ade, P. and Wishnow, E. H.},
  doi = {10.1126/science.1111150},
  journal = {Science},
  number = {5724},
  pages = {975-978},
  title = {Titan's {{Atmospheric Temperatures}}, {{Winds}}, and {{Composition}}},
  volume = {308},
  year = {2005}
}

@article{Fu1992,
  author = {Fu, Qiang and Liou, K. N.},
  doi = {10.1175/1520-0469(1992)049<2139:OTCDMF>2.0.CO;2},
  journal = {Journal of the Atmospheric Sciences},
  number = {22},
  pages = {2139-2156},
  title = {On the {{Correlated}} K-{{Distribution Method}} for {{Radiative Transfer}} in {{Nonhomogeneous Atmospheres}}},
  volume = {49},
  year = {1992}
}

@article{Fulchignoni2005,
  author = {Fulchignoni, M. and Ferri, F. and Angrilli, F. and Ball, A. J. and {Bar-Nun}, A. and Barucci, M. A. and Bettanini, C. and Bianchini, G. and Borucki, W. and Colombatti, G. and Coradini, M. and Coustenis, A. and Debei, S. and Falkner, P. and Fanti, G. and Flamini, E. and Gaborit, V. and Grard, R. and Hamelin, M. and Harri, A. M. and Hathi, B. and Jernej, I. and Leese, M. R. and Lehto, A. and Lion Stoppato, P. F. and {L{\'o}pez-Moreno}, J. J. and M{\"a}kinen, T. and McDonnell, J. A. M. and McKay, C. P. and {Molina-Cuberos}, G. and Neubauer, F. M. and Pirronello, V. and Rodrigo, R. and Saggin, B. and Schwingenschuh, K. and Seiff, A. and Sim{\~o}es, F. and Svedhem, H. and Tokano, T. and Towner, M. C. and Trautner, R. and Withers, P. and Zarnecki, J. C.},
  doi = {10.1038/nature04314},
  journal = {Nature},
  number = {7069},
  pages = {785-791},
  title = {In Situ Measurements of the Physical Characteristics of {{Titan}}'s Environment},
  volume = {438},
  year = {2005}
}

@article{Gross2001,
  author = {Gross, Joachim and Sadowski, Gabriele},
  doi = {10.1021/ie0003887},
  journal = {Industrial \& Engineering Chemistry Research},
  number = {4},
  pages = {1244-1260},
  shorttitle = {Perturbed-{{Chain SAFT}}},
  title = {Perturbed-{{Chain SAFT}}:\, {{An Equation}} of {{State Based}} on a {{Perturbation Theory}} for {{Chain Molecules}}},
  volume = {40},
  year = {2001}
}

@article{Gudipati2013,
  author = {Gudipati, Murthy S. and Jacovi, Ronen and {Couturier-Tamburelli}, Isabelle and Lignell, Antti and Allen, Mark},
  doi = {10.1038/ncomms2649},
  journal = {Nature Communications},
  number = {1},
  pages = {1-8},
  title = {Photochemical Activity of {{Titan}}'s Low-Altitude Condensed Haze},
  volume = {4},
  year = {2013}
}

@article{Guerlet2015,
  author = {Guerlet, S. and Fouchet, T. and Vinatier, S. and Simon, A. A. and Dartois, E. and Spiga, A.},
  doi = {10.1051/0004-6361/201424745},
  journal = {Astronomy and Astrophysics},
  pages = {A89},
  title = {Stratospheric Benzene and Hydrocarbon Aerosols Detected in {{Saturn}}'s Auroral Regions},
  volume = {580},
  year = {2015}
}

@article{Harrison2010,
  author = {Harrison, Jeremy J. and Allen, Nicholas D. C. and Bernath, Peter F.},
  doi = {10.1016/j.jqsrt.2009.09.010},
  journal = {Journal of Quantitative Spectroscopy and Radiative Transfer},
  number = {3},
  pages = {357-363},
  title = {Infrared Absorption Cross Sections for Ethane ({{C2H6}}) in the 3{$\mu$}m Region},
  volume = {111},
  year = {2010}
}

@article{Harrison2010a,
  author = {Harrison, Jeremy J. and Bernath, Peter F.},
  doi = {10.1016/j.jqsrt.2009.11.027},
  journal = {Journal of Quantitative Spectroscopy and Radiative Transfer},
  number = {9},
  pages = {1282-1288},
  series = {Special {{Issue Dedicated}} to {{Laurence S}}. {{Rothman}} on the {{Occasion}} of His 70th {{Birthday}}.},
  title = {Infrared Absorption Cross Sections for Propane ({{C3H8}}) in the 3{$\mu$}m Region},
  volume = {111},
  year = {2010}
}

@article{Jacquinet-Husson2008,
  author = {{Jacquinet-Husson}, N. and Scott, N. A. and Ch{\'e}din, A. and Cr{\'e}peau, L. and Armante, R. and Capelle, V. and Orphal, J. and Coustenis, A. and Boonne, C. and {Poulet-Crovisier}, N. and Barbe, A. and Birk, M. and Brown, L. R. and {Camy-Peyret}, C. and Claveau, C. and Chance, K. and Christidis, N. and Clerbaux, C. and Coheur, P. F. and Dana, V. and Daumont, L. and {De Backer-Barilly}, M. R. and Di Lonardo, G. and Flaud, J. M. and Goldman, A. and Hamdouni, A. and Hess, M. and Hurley, M. D. and Jacquemart, D. and Kleiner, I. and K{\"o}pke, P. and Mandin, J. Y. and Massie, S. and Mikhailenko, S. and Nemtchinov, V. and Nikitin, A. and Newnham, D. and Perrin, A. and Perevalov, V. I. and Pinnock, S. and {R{\'e}galia-Jarlot}, L. and Rinsland, C. P. and Rublev, A. and Schreier, F. and Schult, L. and Smith, K. M. and Tashkun, S. A. and Teffo, J. L. and Toth, R. A. and Tyuterev, Vl. G. and Vander Auwera, J. and Varanasi, P. and Wagner, G.},
  doi = {10.1016/j.jqsrt.2007.12.015},
  journal = {Journal of Quantitative Spectroscopy and Radiative Transfer},
  pages = {1043-1059},
  shorttitle = {The {{GEISA}} Spectroscopic Database},
  title = {The {{GEISA}} Spectroscopic Database: {{Current}} and Future Archive for {{Earth}} and Planetary Atmosphere Studies},
  volume = {109},
  year = {2008}
}

@article{Johnson2016,
  author = {Johnson, R. E. and Tucker, O. J. and Volkov, A. N.},
  doi = {10.1016/j.icarus.2016.01.014},
  journal = {Icarus},
  pages = {202-206},
  title = {Evolution of an Early {{Titan}} Atmosphere},
  volume = {271},
  year = {2016}
}

@article{Kim2011,
  author = {Kim, Sang J. and Jung, A. and Sim, C. K. and Courtin, R. and Bellucci, A. and Sicardy, B. and Song, I. O. and Minh, Y. C.},
  doi = {10.1016/j.pss.2011.02.002},
  journal = {Planetary and Space Science},
  pages = {699-704},
  title = {Retrieval and Tentative Indentification of the 3 {$M$}m Spectral Feature in {{Titan}}'s Haze},
  volume = {59},
  year = {2011}
}

@article{Kim2012,
  author = {Kim, S. J. and Sim, C. K. and Lee, D. W. and Courtin, R. and Moses, J. I. and Minh, Y. C.},
  doi = {10.1016/j.pss.2012.02.013},
  journal = {Planetary and Space Science},
  pages = {122-129},
  shorttitle = {The Three-Micron Spectral Feature of the {{Saturnian}} Haze},
  title = {The Three-Micron Spectral Feature of the {{Saturnian}} Haze: {{Implications}} for the Haze Composition and Formation Process},
  volume = {65},
  year = {2012}
}

@article{Koskinen2011,
  author = {Koskinen, T T and Yelle, R V and Snowden, D S and Lavvas, Panayotis and Sandel, B R and Capalbo, F J and Benilan, Y and West, Robert A.},
  doi = {10.1016/j.icarus.2011.09.022},
  journal = {Icarus},
  number = {2},
  pages = {507-534},
  title = {The Mesosphere and Lower Thermosphere of {{Titan}} Revealed by {{Cassini}}/{{UVIS}} Stellar Occultations},
  volume = {216},
  year = {2011}
}

@article{Krasnopolsky2009,
  author = {Krasnopolsky, Vladimir A.},
  doi = {10.1016/j.icarus.2008.12.038},
  journal = {Icarus},
  pages = {226-256},
  title = {A Photochemical Model of {{Titan}}'s Atmosphere and Ionosphere},
  volume = {201},
  year = {2009}
}

@article{Krasnopolsky2010,
  author = {Krasnopolsky, Vladimir A.},
  doi = {10.1016/j.pss.2010.07.010},
  journal = {Planetary and Space Science},
  pages = {1507-1515},
  shorttitle = {The Photochemical Model of {{Titan}}'s Atmosphere and Ionosphere},
  title = {The Photochemical Model of {{Titan}}'s Atmosphere and Ionosphere: {{A}} Version without Hydrodynamic Escape},
  volume = {58},
  year = {2010}
}

@article{Krasnopolsky2014,
  author = {Krasnopolsky, Vladimir A.},
  doi = {10.1016/j.icarus.2014.03.041},
  journal = {Icarus},
  pages = {83-91},
  shorttitle = {Chemical Composition of {{Titan}}'s Atmosphere and Ionosphere},
  title = {Chemical Composition of {{Titan}}'s Atmosphere and Ionosphere: {{Observations}} and the Photochemical Model},
  volume = {236},
  year = {2014}
}

@article{Lara1996,
  author = {Lara, L. M. and Lellouch, E. and {L{\'o}pez-Moreno}, J. J. and Rodrigo, R.},
  doi = {10.1029/96JE02036},
  journal = {Journal of Geophysical Research},
  pages = {23261-23283},
  title = {Vertical Distribution of {{Titan}}'s Atmospheric Neutral Constituents},
  volume = {101},
  year = {1996}
}

@article{Lavvas2008b,
  author = {Lavvas, Panayotis and Coustenis, A and Vardavas, I M},
  doi = {10.1016/j.pss.2007.05.026},
  journal = {Planet. Space Sci.},
  number = {1},
  pages = {27-66},
  title = {Coupling Photochemistry with Haze Formation in {{Titan}}'s Atmosphere, {{Part I}}: {{Model}} Description},
  volume = {56},
  year = {2008}
}

@article{Lavvas2008c,
  author = {Lavvas, Panayotis and Coustenis, A and Vardavas, I M},
  doi = {10.1016/j.pss.2007.05.027},
  journal = {Planet. Space Sci.},
  number = {1},
  pages = {67-99},
  title = {Coupling Photochemistry with Haze Formation in {{Titan}}'s Atmosphere, {{Part II}}: {{Results}} and Validation with {{Cassini}}/{{Huygens}} Data},
  volume = {56},
  year = {2008}
}

@article{Lavvas2011a,
  author = {Lavvas, Panayotis and Sander, M and Kraft, M and Imanaka, H},
  doi = {10.1088/0004-637X/728/2/80},
  journal = {Astrophys. J.},
  number = {2},
  pages = {80},
  title = {Surface Chemistry and Particle Shape: Processes for the Evolution of Aerosols in {{Titan}}'s Atmosphere},
  volume = {728},
  year = {2011}
}

@article{Lavvas2015,
  author = {Lavvas, P. and Yelle, R. V. and Heays, A. N. and Campbell, L. and Brunger, M. J. and Galand, M. and Vuitton, V.},
  doi = {10.1016/j.icarus.2015.06.033},
  journal = {Icarus},
  pages = {29-59},
  title = {N2 State Population in {{Titan}}'s Atmosphere},
  volume = {260},
  year = {2015}
}

@inproceedings{Li2009,
  address = {{Berlin, Heidelberg}},
  author = {Li, A.},
  booktitle = {Deep {{Impact}} as a {{World Observatory Event}}: {{Synergies}} in {{Space}}, {{Time}}, and {{Wavelength}}},
  doi = {10.1007/978-3-540-76959-0_21},
  editor = {K{\"a}ufl, H.U. and Sterken, C.},
  pages = {161-175},
  publisher = {{Springer}},
  series = {Eso {{Astrophysics Symposia}}},
  shorttitle = {{{PAHs}} in {{Comets}}},
  title = {{{PAHs}} in {{Comets}}: {{An Overview}}},
  year = {2009}
}

@article{Lopez-Puertas2013,
  author = {{L{\'o}pez-Puertas}, M. and Dinelli, B. M. and Adriani, A. and Funke, B. and {Garc{\'i}a-Comas}, M. and Moriconi, M. L. and D'Aversa, E. and Boersma, C. and Allamandola, L. J.},
  doi = {10.1088/0004-637X/770/2/132},
  journal = {The Astrophysical Journal},
  pages = {132},
  title = {Large {{Abundances}} of {{Polycyclic Aromatic Hydrocarbons}} in {{Titan}}'s {{Upper Atmosphere}}},
  volume = {770},
  year = {2013}
}

@techreport{Lorenz2018,
  author = {Lorenz, R. D. and Turtle, E. P. and Barnes, J. W. and Adams, D. S. and Hibbard, K. E. and Sheldon, C. Z. and Zacny, K. and Peplowski, P. N. and Lawrence, D. J. and Ravine, M. A. and McGee, T. G. and Sotzen, K. S. and MacKenzie, S. M. and Langelaan, J. W. and Schmitz, S. and Wolfarth, L. S. and Bedini, P. D.},
  institution = {{Johns Hopkins APL}},
  number = {3},
  pages = {374-387},
  title = {Dragonfly: {{A Rotorcraft Lander Concept}} for {{Scientific Exploration}} at {{Titan}}},
  url = {https://dragonfly.jhuapl.edu/News-and-Resources/docs/34_03-Lorenz.pdf},
  volume = {34},
  year = {2018}
}

@article{Luspay-Kuti2015,
  author = {{Luspay-Kuti}, A. and Chevrier, V. F. and Cordier, D. and {Rivera-Valentin}, E. G. and Singh, S. and Wagner, A. and Wasiak, F. C.},
  doi = {10.1016/j.epsl.2014.11.023},
  journal = {Earth and Planetary Science Letters},
  pages = {75-83},
  title = {Experimental Constraints on the Composition and Dynamics of {{Titan}}'s Polar Lakes},
  volume = {410},
  year = {2015}
}

@article{Magee2009,
  author = {Magee, Brian A. and Waite, J. Hunter and Mandt, Kathleen E. and Westlake, Joseph and Bell, Jared and Gell, David A.},
  doi = {10.1016/j.pss.2009.06.016},
  journal = {Planetary and Space Science},
  pages = {1895-1916},
  shorttitle = {{{INMS}}-Derived Composition of {{Titan}}'s Upper Atmosphere},
  title = {{{INMS}}-Derived Composition of {{Titan}}'s Upper Atmosphere: {{Analysis}} Methods and Model Comparison},
  volume = {57},
  year = {2009}
}

@article{Maltagliati2015,
  author = {Maltagliati, Luca and B{\'e}zard, Bruno and Vinatier, Sandrine and Hedman, Matthew M. and Lellouch, Emmanuel and Nicholson, Philip D. and Sotin, Christophe and {de Kok}, Remco J. and Sicardy, Bruno},
  doi = {10.1016/j.icarus.2014.10.004},
  journal = {Icarus},
  pages = {1-24},
  shorttitle = {Titan's Atmosphere as Observed by {{Cassini}}/{{VIMS}} Solar Occultations},
  title = {Titan's Atmosphere as Observed by {{Cassini}}/{{VIMS}} Solar Occultations: {{CH4}}, {{CO}} and Evidence for {{C2H6}} Absorption},
  volume = {248},
  year = {2015}
}

@article{Moller1934,
  author = {M{\o}ller, Chr. and Plesset, M. S.},
  doi = {10.1103/PhysRev.46.618},
  journal = {Physical Review},
  pages = {618-622},
  title = {Note on an {{Approximation Treatment}} for {{Many}}-{{Electron Systems}}},
  volume = {46},
  year = {1934}
}

@misc{Muller-Wodarg2013,
  author = {{M{\"u}ller-Wodarg}, Ingo and Griffith, Caitlin A. and Lellouch, Emmanuel and Cravens, Thomas E.},
  journal = {CERN Document Server},
  shorttitle = {Titan},
  title = {Titan : Interior, Surface, Atmosphere, and Space Environment},
  url = {https://cds.cern.ch/record/1668219},
  urldate = {2020-01-08},
  year = {2013}
}

@article{Newman2016,
  author = {Newman, Claire E. and Richardson, Mark I. and Lian, Yuan and Lee, Christopher},
  doi = {10.1016/j.icarus.2015.11.028},
  journal = {Icarus},
  pages = {106-134},
  title = {Simulating {{Titan}}'s Methane Cycle with the {{TitanWRF General Circulation Model}}},
  volume = {267},
  year = {2016}
}

@article{Nicholson2006,
  author = {Nicholson, Philip D. and Hedman, M. M. and Gierasch, P. J. and {Cassini VIMS Team}},
  pages = {39.06},
  title = {Probing {{Saturn}}'s {{Atmosphere}} with {{Procyon}}},
  url = {http://adsabs.harvard.edu/abs/2006DPS....38.3906N},
  urldate = {2020-01-07},
  volume = {38},
  year = {2006}
}

@article{Nixon2013,
  author = {Nixon, C. A. and Jennings, D. E. and B{\'e}zard, B. and Vinatier, S. and Teanby, N. A. and Sung, K. and Ansty, T. M. and Irwin, P. G. J. and Gorius, N. and Cottini, V. and Coustenis, A. and Flasar, F. M.},
  doi = {10.1088/2041-8205/776/1/L14},
  journal = {The Astrophysical Journal Letters},
  pages = {L14},
  title = {Detection of {{Propene}} in {{Titan}}'s {{Stratosphere}}},
  volume = {776},
  year = {2013}
}

@article{Pendleton2002,
  author = {Pendleton, Y. J. and Allamandola, L. J.},
  doi = {10.1086/322999},
  journal = {The Astrophysical Journal Supplement Series},
  pages = {75-98},
  shorttitle = {The {{Organic Refractory Material}} in the {{Diffuse Interstellar Medium}}},
  title = {The {{Organic Refractory Material}} in the {{Diffuse Interstellar Medium}}: {{Mid}}-{{Infrared Spectroscopic Constraints}}},
  volume = {138},
  year = {2002}
}

@article{Pine1982,
  author = {Pine, A.S. and Lafferty, W.J.},
  doi = {10.6028/jres.087.017},
  journal = {Journal of Research of the National Bureau of Standards},
  number = {3},
  pages = {237},
  title = {Torsional {{Splittings}} and {{Assignments}} of the {{Doppler}}-{{Limited Spectrum}} of {{Ethane}} in the {{C}}-{{H Stretching Region}}},
  volume = {87},
  year = {1982}
}

@book{Poling2007,
  address = {{Englewood Cliffs}},
  author = {Poling, Bruce E and Prausnitz, J M and O'Connell, John P},
  doi = {10.1021/ja0048634},
  edition = {5th},
  publisher = {{McGraw-Hill Professional}},
  title = {Properties of {{Gases}} and {{Liquids}}},
  year = {2007}
}

@article{Rey2016,
  author = {Rey, Micha{\"e}l and Nikitin, Andrei V. and Babikov, Yurii L. and Tyuterev, Vladimir G.},
  doi = {10.1016/j.jms.2016.04.006},
  journal = {Journal of Molecular Spectroscopy},
  pages = {138-158},
  title = {{{TheoReTS}} - {{An}} Information System for Theoretical Spectra Based on Variational Predictions from Molecular Potential Energy and Dipole Moment Surfaces},
  volume = {327},
  year = {2016}
}

@article{Romanzin2016,
  author = {Romanzin, Claire and Louarn, Essyllt and Lemaire, Jo{\"e}l and {\v Z}abka, J{\'a}n and Pol{\'a}{\v s}ek, Miroslav and Guillemin, Jean-Claude and Alcaraz, Christian},
  doi = {10.1016/j.icarus.2015.12.001},
  journal = {Icarus},
  pages = {242-252},
  title = {An Experimental Study of the Reactivity of {{CN}}- and {{C3N}}- Anions with Cyanoacetylene ({{HC3N}})},
  volume = {268},
  year = {2016}
}

@article{Rothman2013,
  author = {Rothman, L. S. and Gordon, I. E. and Babikov, Y. and Barbe, A. and Chris Benner, D. and Bernath, P. F. and Birk, M. and Bizzocchi, L. and Boudon, V. and Brown, L. R. and Campargue, A. and Chance, K. and Cohen, E. A. and Coudert, L. H. and Devi, V. M. and Drouin, B. J. and Fayt, A. and Flaud, J.-M. and Gamache, R. R. and Harrison, J. J. and Hartmann, J.-M. and Hill, C. and Hodges, J. T. and Jacquemart, D. and Jolly, A. and Lamouroux, J. and Le Roy, R. J. and Li, G. and Long, D. A. and Lyulin, O. M. and Mackie, C. J. and Massie, S. T. and Mikhailenko, S. and M{\"u}ller, H. S. P. and Naumenko, O. V. and Nikitin, A. V. and Orphal, J. and Perevalov, V. and Perrin, A. and Polovtseva, E. R. and Richard, C. and Smith, M. A. H. and Starikova, E. and Sung, K. and Tashkun, S. and Tennyson, J. and Toon, G. C. and Tyuterev, Vl. G. and Wagner, G.},
  doi = {10.1016/j.jqsrt.2013.07.002},
  journal = {Journal of Quantitative Spectroscopy and Radiative Transfer},
  pages = {4-50},
  title = {The {{HITRAN2012}} Molecular Spectroscopic Database},
  volume = {130},
  year = {2013}
}

@article{Sandford1991,
  author = {Sandford, S. A. and Allamandola, L. J. and Tielens, A. G. G. M. and Sellgren, K. and Tapia, M. and Pendleton, Y.},
  doi = {10.1086/169925},
  journal = {The Astrophysical Journal},
  pages = {607-620},
  title = {The Interstellar {{C}}-{{H}} Stretching Band near 3.4 Microns - {{Constraints}} on the Composition of Organic Material in the Diffuse Interstellar Medium},
  volume = {371},
  year = {1991}
}

@article{Sharpe2016,
  author = {Sharpe, Steven W. and Johnson, Timothy J. and Sams, Robert L. and Chu, Pamela M. and Rhoderick, George C. and Johnson, Patricia A.},
  doi = {10.1366/0003702042641281},
  journal = {Applied Spectroscopy},
  shorttitle = {Gas-{{Phase Databases}} for {{Quantitative Infrared Spectroscopy}}},
  title = {Gas-{{Phase Databases}} for {{Quantitative Infrared Spectroscopy}}:},
  year = {2016}
}

@article{Tan2013,
  author = {Tan, Sugata P. and Kargel, Jeffrey S. and Marion, Giles M.},
  doi = {10.1016/j.icarus.2012.10.032},
  journal = {Icarus},
  number = {1},
  pages = {53-72},
  shorttitle = {Titan's Atmosphere and Surface Liquid},
  title = {Titan's Atmosphere and Surface Liquid: {{New}} Calculation Using {{Statistical Associating Fluid Theory}}},
  volume = {222},
  year = {2013}
}

@article{Tan2015,
  author = {Tan, Sugata P. and Kargel, Jeffrey S. and Jennings, Donald E. and Mastrogiuseppe, Marco and Adidharma, Hertanto and Marion, Giles M.},
  doi = {10.1016/j.icarus.2014.11.029},
  journal = {Icarus},
  pages = {64-75},
  shorttitle = {Titan's Liquids},
  title = {Titan's Liquids: {{Exotic}} Behavior and Its Implications on Global Fluid Circulation},
  volume = {250},
  year = {2015}
}

@article{Turtle2019,
  author = {Turtle, E. P. and Trainer, M. G. and Barnes, J. W. and Lorenz, R. D. and Hibbard, K. E. and Adams, D. S. and Bedini, P. and Brinckerhoff, W. B. and Cable, M. L. and Ernst, C. and Freissinet, C. and Hand, K. and Hayes, A. G. and H{\"o}rst, S. M. and Johnson, J. R. and Karkoschka, E. and Langelaan, J. W. and Lawrence, D. J. and Le Gall, A. and Lora, J. M. and MacKenzie, S. M. and McKay, C. P. and Miller, R. S. and Murchie, S. and Neish, C. D. and Newman, C. E. and Palacios, J. and Panning, M. P. and Parsons, A. M. and Peplowski, P. N. and Quick, L. C. and Radebaugh, J. and Rafkin, S. C. R. and Ravine, M. A. and Schmitz, S. and Soderblom, J. M. and Sotzen, K. S. and Stickle, A. M. and Stofan, E. R. and Szopa, C. and Tokano, T. and Wilson, C. and Yingst, R. A. and Zacny, K. and Burks, M. T.},
  pages = {2888},
  shorttitle = {Dragonfly},
  title = {Dragonfly: {{In Situ Exploration}} of {{Titan}}'s {{Organic Chemistry}} and {{Habitability}}},
  url = {http://adsabs.harvard.edu/abs/2019LPI....50.2888T},
  urldate = {2020-01-08},
  volume = {50},
  year = {2019}
}

@article{Vinatier2010a,
  author = {Vinatier, Sandrine and B{\'e}zard, Bruno and Nixon, Conor A. and Mamoutkine, Andrei and Carlson, Ronald C. and Jennings, Donald E. and Guandique, Ever A. and Teanby, Nick A. and Bjoraker, Gordon L. and Michael Flasar, F. and Kunde, Virgil G.},
  doi = {10.1016/j.icarus.2009.08.013},
  journal = {Icarus},
  number = {2},
  pages = {559-570},
  shorttitle = {Analysis of {{Cassini}}/{{CIRS}} Limb Spectra of {{Titan}} Acquired during the Nominal Mission},
  title = {Analysis of {{Cassini}}/{{CIRS}} Limb Spectra of {{Titan}} Acquired during the Nominal Mission: {{I}}. {{Hydrocarbons}}, Nitriles and {{CO2}} Vertical Mixing Ratio Profiles},
  volume = {205},
  year = {2010}
}

@article{Vinatier2015,
  author = {Vinatier, Sandrine and B{\'e}zard, Bruno and Lebonnois, S{\'e}bastien and Teanby, Nick A. and Achterberg, Richard K. and Gorius, Nicolas and Mamoutkine, Andrei and Guandique, Ever and Jolly, Antoine and Jennings, Donalds E. and Flasar, F. Michael},
  doi = {10.1016/j.icarus.2014.11.019},
  journal = {Icarus},
  pages = {95-115},
  publisher = {{Elsevier Inc.}},
  title = {Seasonal Variations in {{Titan}}'s Middle Atmosphere during the Northern Spring Derived from {{Cassini}}/{{CIRS}} Observations},
  volume = {250},
  year = {2015}
}

@article{Yoon2014,
  author = {Yoon, Y. Heidi and H{\"o}rst, Sarah M. and Hicks, Raea K. and Li, Rui and {de Gouw}, Joost A. and Tolbert, Margaret A.},
  doi = {10.1016/j.icarus.2014.02.006},
  journal = {Icarus},
  pages = {233-241},
  title = {The Role of Benzene Photolysis in {{Titan}} Haze Formation},
  volume = {233},
  year = {2014}
}


